@article{Grover2015,
  doi = {10.1016/j.jceh.2015.08.001},
  url = {https://doi.org/10.1016/j.jceh.2015.08.001},
  year  = {2015},
  month = {sep},
  publisher = {Elsevier {BV}},
  volume = {5},
  number = {3},
  pages = {246--255},
  author = {Vijay P.B. Grover and Joshua M. Tognarelli and Mary M.E. Crossey and I. Jane Cox and Simon D. Taylor-Robinson and Mark J.W. McPhail},
  title = {Magnetic Resonance Imaging: Principles and Techniques: Lessons for Clinicians},
  journal = {Journal of Clinical and Experimental Hepatology}
}

@article {Einstein,
  author = {Einstein, A.},
  title = {Über die von der molekularkinetischen Theorie der Wärme geforderte Bewegung von in ruhenden Flüssigkeiten suspendierten Teilchen},
  journal = {Annalen der Physik},
  volume = {322},
  number = {8},
  publisher = {WILEY-VCH Verlag},
  issn = {1521-3889},
  url = {http://dx.doi.org/10.1002/andp.19053220806},
  doi = {10.1002/andp.19053220806},
  pages = {549--560},
  year = {1905},
}

@article {Pierpaoli,
  author = {Pierpaoli, Carlo and Basser, Peter J.},
  title = {Toward a quantitative assessment of diffusion anisotropy},
  journal = {Magnetic Resonance in Medicine},
  volume = {36},
  number = {6},
  publisher = {Wiley Subscription Services, Inc., A Wiley Company},
  issn = {1522-2594},
  url = {http://dx.doi.org/10.1002/mrm.1910360612},
  doi = {10.1002/mrm.1910360612},
  pages = {893--906},
  keywords = {magnetic resonance imaging, anisotropy, diffusion, tensor},
  year = {1996},
}

@article{Raichle2015,
  author = {Marcus E. Raichle},
  title = {The Brain's Default Mode Network},
  journal = {Annual Review of Neuroscience},
  volume = {38},
  number = {1},
  pages = {433-447},
  year = {2015},
  doi = {10.1146/annurev-neuro-071013-014030},
  note ={PMID: 25938726},
  URL = {https://doi.org/10.1146/annurev-neuro-071013-014030},
  eprint = {https://doi.org/10.1146/annurev-neuro-071013-014030}
}

@article{Raichle2011,
  doi = {10.1089/brain.2011.0019},
  url = {https://doi.org/10.1089/brain.2011.0019},
  year  = {2011},
  month = {jan},
  publisher = {Mary Ann Liebert Inc},
  volume = {1},
  number = {1},
  pages = {3--12},
  author = {Marcus E. Raichle},
  title = {The Restless Brain},
  journal = {Brain Connectivity}
}

@article {biswal1995,
  author = {Biswal, Bharat and Zerrin Yetkin, F. and Haughton, Victor M. and Hyde, James S.},
title = {Functional connectivity in the motor cortex of resting human brain using echo-planar mri},
  journal = {Magnetic Resonance in Medicine},
  volume = {34},
  number = {4},
  publisher = {Wiley Subscription Services, Inc., A Wiley Company},
  issn = {1522-2594},
  url = {http://dx.doi.org/10.1002/mrm.1910340409},
  doi = {10.1002/mrm.1910340409},
  pages = {537--541},
  keywords = {functional connectivity, motor cortex, fMRI, EPI},
  year = {1995},
}